% Encoding: UTF-8

@Article{ADScuckoo,
  author    = {Rasmus Pagh and Flemming Friche Rodler},
  title     = {Cuckoo hashing},
  journal   = {J. Algorithms},
  year      = {2004},
  volume    = {51},
  number    = {2},
  bibsource = {dblp computer science bibliography, http://dblp.org},
  biburl    = {http://dblp2.uni-trier.de/rec/bib/journals/jal/PaghR04},
  doi       = {10.1016/j.jalgor.2003.12.002},
  timestamp = {Sun, 28 May 2017 13:24:57 +0200},
  url       = {https://doi.org/10.1016/j.jalgor.2003.12.002},
}

@Book{ELbrosch,
  title     = {E-Learning : strategische Handlungsfelder der Hochschulen des Landes Baden-Württemberg zur Digitalisierung in der Hochschullehre},
  publisher = {Baden-Württemberg, Ministerium für Wissenschaft, Forschung und Kunst},
  year      = {2015},
  editor    = {Astrid Schönstein and Nicole Wöhrle},
}

@Misc{ATservprov,
  author       = {Johannes Waldmann and Christian Wanka},
  title        = {Das autotool als Service-Provider},
  howpublished = {\url{http://www.imn.htwk-leipzig.de/~waldmann/autotool/workshop07/over/}},
  year         = {2007},
  note         = {Stand: 13.10.2017},
}

@Misc{ATauterz,
  author       = {Johannes Waldmann},
  title        = {Das System autotool zur automatischen Erzeugung und Kontrolle von Übungsaufgaben zur Informatik},
  howpublished = {\url{http://www.imn.htwk-leipzig.de/~waldmann/autotool/workshop07/service/main.pdf}},
  year         = {2007},
  note         = {Stand: 13.10.2017},
}

@Misc{ATnetzw,
  author       = {Hans-Gert Gräbe and Frank Loebe and Sibylle Schwarz and Johannes Waldmann},
  title        = {Computergestützte Übungsaufgaben autotool und autotool-Netzwerk},
  howpublished = {\url{http://www.informatik.uni-leipzig.de/~graebe/Texte/hds-11.pdf}},
  year         = {2011},
  note         = {Stand: 13.10.2017},
}

@MastersThesis{ATmaster,
  author = {MarcellusSiegburg},
  title  = {REST-orientierte Refaktorisierung des E-Learning-Systems Autotool},
  school = {HTWK Leipzig},
  year   = {2015},
  type   = {mathesis},
}

@Article{EL_zwbil,
  author  = {Michael Kerres and Nadine Ojstersek and Annabell Preussler and Jörg Stratmann},
  title   = {E-Learning-Umgebungen in der Hochschule: Lehrplattformen und persönliche Lernumgebungen},
  journal = {E-Learning: Eine Zwischenbilanz},
  year    = {2009},
}

@Misc{EL_zahl,
  author       = {Patrick Pfähler and Moritz Schulz},
  title        = {Der E-Learning Markt - Zahlen \& Fakten},
  howpublished = {\url{http://www.webcampus.de/blog/71/der-e-learning-markt-zahlen-fakten}},
  year         = {2016},
  note         = {Stand: 13.10.2017},
}

@Misc{EL_mooc,
  author       = {Laura Pappano},
  title        = {The Year of the MOOC},
  howpublished = {\url{http://www.nytimes.com/2012/11/04/education/edlife/massive-open-online-courses-are-multiplying-at-a-rapid-pace.html?mcubz=0}},
  year         = {2012},
  note         = {Stand: 13.10.2017},
}

@Misc{HAfuncprog,
  author       = {Eric Elliott},
  title        = {Master the JavaScript Interview: What is Functional Programming?},
  howpublished = {\url{https://medium.com/javascript-scene/master-the-javascript-interview-what-is-functional-programming-7f218c68b3a0}},
  year         = {2017},
  note         = {Stand: 13.10.2017},
}

@Misc{ADSruntime,
  author       = {Eric Rowell and others},
  title        = {Big-O Complexity Chart},
  howpublished = {\url{http://bigocheatsheet.com/}},
  note         = {Stand: 13.10.2017},
}

@Misc{ATsoftweng,
  author       = {Johannes Waldmann},
  title        = {Software Engineering by Example},
  howpublished = {\url{http://www.imn.htwk-leipzig.de/~waldmann/etc/untutorial/se/}},
  note         = {Stand: 13.10.2017},
}

@Misc{ATgentle,
  author       = {Reuben Thomas},
  title        = {A Gentle Introduction To Haskell},
  howpublished = {\url{https://www.haskell.org/tutorial/}},
  year         = {2000},
  note         = {Stand: 13.10.2017},
}

@Misc{ATsembew,
  author       = {Johannes Waldmann},
  title        = {Semantische Bewertung und personalisierte Erzeugung von Übungsaufgaben zu Mathematik, Logik, Informatik},
  howpublished = {\url{http://www.imn.htwk-leipzig.de/~waldmann/talk/14/mpel/}},
  year         = {2014},
  note         = {Stand: 13.10.2017},
}

@Misc{ATxmlrpc,
  author       = {Thomas Bayer},
  title        = {Einführung in Webservices mit XML-RPC},
  howpublished = {\url{http://www.oio.de/public/xml/xml-rpc.htm}},
  year         = {2002},
  note         = {Stand: 13.10.2017},
}

@Misc{ATerzeugads,
  author       = {Johannes Waldmann},
  title        = {Automatische Erzeugung und Bewertung von Aufgaben zu Algorithmen und Datenstrukturen},
  howpublished = {\url{http://www.imn.htwk-leipzig.de/~waldmann/talk/17/abp/draft.pdf}},
  year         = {2017},
  note         = {Stand: 13.10.2017},
}

@Misc{PDoc,
  author       = {Python Software Foundation},
  title        = {The Python Language Reference},
  howpublished = {\url{https://docs.python.org/2/reference/datamodel.html}},
  note         = {Stand: 13.10.2017},
}

@Misc{HasLangRep,
  author       = {Simon Marlow},
  title        = {Haskell 2010 Language Report},
  howpublished = {\url{https://www.haskell.org/onlinereport/haskell2010/}},
  year         = {2010},
  note         = {Stand: 13.10.2017},
}

@Book{ADSOttWid,
  title     = {Algorithmen und Datenstrukturen},
  publisher = {Spektrum},
  year      = {2012},
  author    = {Thomas Ottmann and Peter Widmayer},
}

@Book{ADSWeiWei,
  title     = {Algorithmen und Datenstrukturen},
  publisher = {Springer Vieweg},
  year      = {2013},
  author    = {Karsten Weicker and Nicole Weicker},
}

@Book{HArealw,
  title     = {Real World Haskell},
  publisher = {O'Reilly Media},
  year      = {2008},
  author    = {Bryan O'Sullivan and Donald Stewart and John Goerzen},
}

@Misc{ghc,
  author       = {Ben Gamari},
  title        = {The Glasgow Haskell Compiler},
  howpublished = {\url{https://www.haskell.org/ghc/}},
  note         = {Stand: 13.10.2017},
}

@Misc{hackage,
  author       = {Contributors Hackage},
  title        = {Welcome to Hackage!},
  howpublished = {\url{http://hackage.haskell.org/}},
  note         = {Stand: 13.10.2017},
}

@Misc{cabal,
  author       = {Contributors Cabal},
  title        = {The Haskell Cabal},
  howpublished = {\url{https://www.haskell.org/cabal/}},
  note         = {Stand: 13.10.2017},
}

@Misc{stack,
  author       = {Contributors Stack},
  title        = {The Haskell Tool Stack},
  howpublished = {\url{https://docs.haskellstack.org/en/stable/README/}},
  note         = {Stand: 13.10.2017},
}

@Misc{HasMap,
  author       = {Daan Leijen and Andriy Palamarchuk},
  title        = {Data.Map},
  howpublished = {\url{https://hackage.haskell.org/package/containers-0.5.10.2/docs/Data-Map.html}},
  year         = {2008},
  note         = {Stand: 13.10.2017},
}

@MastersThesis{kuckba,
  author = {Terese Haimberger},
  title  = {Theoretische und Experimentelle Untersuchung von Kuckucks-Hashing},
  school = {Freie Universität Berlin},
  year   = {2013},
  type   = {Bachelor's Thesis},
}

@Book{algoeinf,
  title     = {Algorithmen - Eine Einführung},
  publisher = {De Gruyter Oldenbourg},
  year      = {2013},
  author    = {Thomas Cormen and Charles Leiserson and Ronald Rivest and Clifford Stein},
}

@Book{cleancode,
  title     = {Clean Code - Refactoring, Patterns, Testen und Techniken für : Deutsche Ausgabe},
  publisher = {MITP},
  year      = {1995},
  author    = {Robert C. Martin},
}

@Misc{lambda,
  author       = {Jürgen Giesl},
  title        = {Grundlagen der Funktionalen Programmierung},
  howpublished = {\url{https://verify.rwth-aachen.de/fp12/FP12.pdf}},
  year         = {2012},
  note         = {Stand: 13.10.2017},
}

@Misc{phantom,
  author       = {HaskellWiki community},
  title        = {Phantom Type},
  howpublished = {\url{https://wiki.haskell.org/Phantom_type}},
  year         = {2013},
  note         = {Stand: 13.10.2017},
}

@Book{refactoring,
  title     = {Refactoring: improving the design of existing code},
  publisher = {Addison-Wesley},
  year      = {2008},
  author    = {Martin Fowler},
}

@Misc{automatpvp,
  author       = {Johannes Waldmann},
  title        = {Automatisierte Bewertung und Erzeugung von Übungsaufgaben zu Prinzipien von Programmiersprachen},
  howpublished = {\url{http://www.imn.htwk-leipzig.de/~waldmann/talk/15/kps/paper/main.pdf}},
  note         = {Stand: 13.10.2017},
}

@Comment{jabref-meta: databaseType:bibtex;}
